%YAML 1.1
%TAG !u! tag:unity3d.com,2011:
--- !u!29 &1
OcclusionCullingSettings:
  m_ObjectHideFlags: 0
  serializedVersion: 2
  m_OcclusionBakeSettings:
    smallestOccluder: 5
    smallestHole: 0.25
    backfaceThreshold: 100
  m_SceneGUID: 00000000000000000000000000000000
  m_OcclusionCullingData: {fileID: 0}
--- !u!104 &2
RenderSettings:
  m_ObjectHideFlags: 0
  serializedVersion: 9
  m_Fog: 1
  m_FogColor: {r: 0.5, g: 0.5, b: 0.5, a: 1}
  m_FogMode: 3
  m_FogDensity: 0.02
  m_LinearFogStart: 0
  m_LinearFogEnd: 300
  m_AmbientSkyColor: {r: 0.212, g: 0.227, b: 0.259, a: 1}
  m_AmbientEquatorColor: {r: 0.114, g: 0.125, b: 0.133, a: 1}
  m_AmbientGroundColor: {r: 0.047, g: 0.043, b: 0.035, a: 1}
  m_AmbientIntensity: 1
  m_AmbientMode: 0
  m_SubtractiveShadowColor: {r: 0.42, g: 0.478, b: 0.627, a: 1}
  m_SkyboxMaterial: {fileID: 10304, guid: 0000000000000000f000000000000000, type: 0}
  m_HaloStrength: 0.5
  m_FlareStrength: 1
  m_FlareFadeSpeed: 3
  m_HaloTexture: {fileID: 0}
  m_SpotCookie: {fileID: 10001, guid: 0000000000000000e000000000000000, type: 0}
  m_DefaultReflectionMode: 0
  m_DefaultReflectionResolution: 128
  m_ReflectionBounces: 1
  m_ReflectionIntensity: 1
  m_CustomReflection: {fileID: 0}
  m_Sun: {fileID: 705507994}
  m_IndirectSpecularColor: {r: 0, g: 0, b: 0, a: 1}
  m_UseRadianceAmbientProbe: 0
--- !u!157 &3
LightmapSettings:
  m_ObjectHideFlags: 0
  serializedVersion: 11
  m_GIWorkflowMode: 1
  m_GISettings:
    serializedVersion: 2
    m_BounceScale: 1
    m_IndirectOutputScale: 1
    m_AlbedoBoost: 1
    m_EnvironmentLightingMode: 0
    m_EnableBakedLightmaps: 1
    m_EnableRealtimeLightmaps: 0
  m_LightmapEditorSettings:
    serializedVersion: 12
    m_Resolution: 2
    m_BakeResolution: 40
    m_AtlasSize: 1024
    m_AO: 0
    m_AOMaxDistance: 1
    m_CompAOExponent: 1
    m_CompAOExponentDirect: 0
    m_ExtractAmbientOcclusion: 0
    m_Padding: 2
    m_LightmapParameters: {fileID: 0}
    m_LightmapsBakeMode: 1
    m_TextureCompression: 1
    m_FinalGather: 0
    m_FinalGatherFiltering: 1
    m_FinalGatherRayCount: 256
    m_ReflectionCompression: 2
    m_MixedBakeMode: 2
    m_BakeBackend: 1
    m_PVRSampling: 1
    m_PVRDirectSampleCount: 32
    m_PVRSampleCount: 500
    m_PVRBounces: 2
    m_PVREnvironmentSampleCount: 500
    m_PVREnvironmentReferencePointCount: 2048
    m_PVRFilteringMode: 2
    m_PVRDenoiserTypeDirect: 0
    m_PVRDenoiserTypeIndirect: 0
    m_PVRDenoiserTypeAO: 0
    m_PVRFilterTypeDirect: 0
    m_PVRFilterTypeIndirect: 0
    m_PVRFilterTypeAO: 0
    m_PVREnvironmentMIS: 0
    m_PVRCulling: 1
    m_PVRFilteringGaussRadiusDirect: 1
    m_PVRFilteringGaussRadiusIndirect: 5
    m_PVRFilteringGaussRadiusAO: 2
    m_PVRFilteringAtrousPositionSigmaDirect: 0.5
    m_PVRFilteringAtrousPositionSigmaIndirect: 2
    m_PVRFilteringAtrousPositionSigmaAO: 1
    m_ExportTrainingData: 0
    m_TrainingDataDestination: TrainingData
    m_LightProbeSampleCountMultiplier: 4
  m_LightingDataAsset: {fileID: 0}
  m_UseShadowmask: 1
--- !u!196 &4
NavMeshSettings:
  serializedVersion: 2
  m_ObjectHideFlags: 0
  m_BuildSettings:
    serializedVersion: 2
    agentTypeID: 0
    agentRadius: 0.5
    agentHeight: 2
    agentSlope: 45
    agentClimb: 0.4
    ledgeDropHeight: 0
    maxJumpAcrossDistance: 0
    minRegionArea: 2
    manualCellSize: 0
    cellSize: 0.16666667
    manualTileSize: 0
    tileSize: 256
    accuratePlacement: 0
    debug:
      m_Flags: 0
  m_NavMeshData: {fileID: 0}
--- !u!1001 &562319027
PrefabInstance:
  m_ObjectHideFlags: 0
  serializedVersion: 2
  m_Modification:
    m_TransformParent: {fileID: 0}
    m_Modifications:
    - target: {fileID: -4216859302048453862, guid: 3b566927aad323744af5743d5872ef91,
        type: 3}
      propertyPath: m_LocalPosition.x
      value: -101.1
      objectReference: {fileID: 0}
    - target: {fileID: -4216859302048453862, guid: 3b566927aad323744af5743d5872ef91,
        type: 3}
      propertyPath: m_LocalPosition.y
      value: 1
      objectReference: {fileID: 0}
    - target: {fileID: -4216859302048453862, guid: 3b566927aad323744af5743d5872ef91,
        type: 3}
      propertyPath: m_LocalPosition.z
      value: 0
      objectReference: {fileID: 0}
    - target: {fileID: -4216859302048453862, guid: 3b566927aad323744af5743d5872ef91,
        type: 3}
      propertyPath: m_LocalRotation.x
      value: -0.5
      objectReference: {fileID: 0}
    - target: {fileID: -4216859302048453862, guid: 3b566927aad323744af5743d5872ef91,
        type: 3}
      propertyPath: m_LocalRotation.y
      value: 0.5
      objectReference: {fileID: 0}
    - target: {fileID: -4216859302048453862, guid: 3b566927aad323744af5743d5872ef91,
        type: 3}
      propertyPath: m_LocalRotation.z
      value: 0.5
      objectReference: {fileID: 0}
    - target: {fileID: -4216859302048453862, guid: 3b566927aad323744af5743d5872ef91,
        type: 3}
      propertyPath: m_LocalRotation.w
      value: 0.5
      objectReference: {fileID: 0}
    - target: {fileID: -4216859302048453862, guid: 3b566927aad323744af5743d5872ef91,
        type: 3}
      propertyPath: m_RootOrder
      value: 5
      objectReference: {fileID: 0}
    - target: {fileID: -4216859302048453862, guid: 3b566927aad323744af5743d5872ef91,
        type: 3}
      propertyPath: m_LocalEulerAnglesHint.x
      value: -90
      objectReference: {fileID: 0}
    - target: {fileID: -4216859302048453862, guid: 3b566927aad323744af5743d5872ef91,
        type: 3}
      propertyPath: m_LocalEulerAnglesHint.y
      value: 90
      objectReference: {fileID: 0}
    - target: {fileID: -4216859302048453862, guid: 3b566927aad323744af5743d5872ef91,
        type: 3}
      propertyPath: m_LocalEulerAnglesHint.z
      value: 0
      objectReference: {fileID: 0}
    - target: {fileID: -4216859302048453862, guid: 3b566927aad323744af5743d5872ef91,
        type: 3}
      propertyPath: m_LocalScale.x
      value: 2
      objectReference: {fileID: 0}
    - target: {fileID: -4216859302048453862, guid: 3b566927aad323744af5743d5872ef91,
        type: 3}
      propertyPath: m_LocalScale.y
      value: 2
      objectReference: {fileID: 0}
    - target: {fileID: -4216859302048453862, guid: 3b566927aad323744af5743d5872ef91,
        type: 3}
      propertyPath: m_LocalScale.z
      value: 2
      objectReference: {fileID: 0}
    - target: {fileID: -927199367670048503, guid: 3b566927aad323744af5743d5872ef91,
        type: 3}
      propertyPath: m_Name
      value: Log(Full)
      objectReference: {fileID: 0}
    m_RemovedComponents: []
  m_SourcePrefab: {fileID: 100100000, guid: 3b566927aad323744af5743d5872ef91, type: 3}
--- !u!1 &562319028 stripped
GameObject:
  m_CorrespondingSourceObject: {fileID: -927199367670048503, guid: 3b566927aad323744af5743d5872ef91,
    type: 3}
  m_PrefabInstance: {fileID: 562319027}
  m_PrefabAsset: {fileID: 0}
--- !u!64 &562319029
MeshCollider:
  m_ObjectHideFlags: 0
  m_CorrespondingSourceObject: {fileID: 0}
  m_PrefabInstance: {fileID: 0}
  m_PrefabAsset: {fileID: 0}
  m_GameObject: {fileID: 562319028}
  m_Material: {fileID: 0}
  m_IsTrigger: 0
  m_Enabled: 1
  serializedVersion: 3
  m_Convex: 0
  m_CookingOptions: 30
  m_Mesh: {fileID: 2534964839176971238, guid: 3b566927aad323744af5743d5872ef91, type: 3}
--- !u!1 &705507993
GameObject:
  m_ObjectHideFlags: 0
  m_CorrespondingSourceObject: {fileID: 0}
  m_PrefabInstance: {fileID: 0}
  m_PrefabAsset: {fileID: 0}
  serializedVersion: 6
  m_Component:
  - component: {fileID: 705507995}
  - component: {fileID: 705507994}
  m_Layer: 0
  m_Name: Directional Light
  m_TagString: Untagged
  m_Icon: {fileID: 0}
  m_NavMeshLayer: 0
  m_StaticEditorFlags: 0
  m_IsActive: 1
--- !u!108 &705507994
Light:
  m_ObjectHideFlags: 0
  m_CorrespondingSourceObject: {fileID: 0}
  m_PrefabInstance: {fileID: 0}
  m_PrefabAsset: {fileID: 0}
  m_GameObject: {fileID: 705507993}
  m_Enabled: 1
  serializedVersion: 10
  m_Type: 1
  m_Shape: 0
  m_Color: {r: 1, g: 0.95686275, b: 0.8392157, a: 1}
  m_Intensity: 1
  m_Range: 10
  m_SpotAngle: 30
  m_InnerSpotAngle: 21.80208
  m_CookieSize: 10
  m_Shadows:
    m_Type: 2
    m_Resolution: -1
    m_CustomResolution: -1
    m_Strength: 1
    m_Bias: 0.05
    m_NormalBias: 0.4
    m_NearPlane: 0.2
    m_CullingMatrixOverride:
      e00: 1
      e01: 0
      e02: 0
      e03: 0
      e10: 0
      e11: 1
      e12: 0
      e13: 0
      e20: 0
      e21: 0
      e22: 1
      e23: 0
      e30: 0
      e31: 0
      e32: 0
      e33: 1
    m_UseCullingMatrixOverride: 0
  m_Cookie: {fileID: 0}
  m_DrawHalo: 0
  m_Flare: {fileID: 0}
  m_RenderMode: 0
  m_CullingMask:
    serializedVersion: 2
    m_Bits: 4294967295
  m_RenderingLayerMask: 1
  m_Lightmapping: 1
  m_LightShadowCasterMode: 0
  m_AreaSize: {x: 1, y: 1}
  m_BounceIntensity: 1
  m_ColorTemperature: 6570
  m_UseColorTemperature: 0
  m_BoundingSphereOverride: {x: 0, y: 0, z: 0, w: 0}
  m_UseBoundingSphereOverride: 0
  m_ShadowRadius: 0
  m_ShadowAngle: 0
--- !u!4 &705507995
Transform:
  m_ObjectHideFlags: 0
  m_CorrespondingSourceObject: {fileID: 0}
  m_PrefabInstance: {fileID: 0}
  m_PrefabAsset: {fileID: 0}
  m_GameObject: {fileID: 705507993}
  m_LocalRotation: {x: 0.6730483, y: 0.21680862, z: 0.21680862, w: 0.6730483}
  m_LocalPosition: {x: -53, y: 45, z: -2}
  m_LocalScale: {x: 1, y: 1, z: 1}
  m_Children: []
  m_Father: {fileID: 0}
  m_RootOrder: 12
  m_LocalEulerAnglesHint: {x: 125.711, y: -90, z: -90}
--- !u!1 &800915043 stripped
GameObject:
  m_CorrespondingSourceObject: {fileID: 500354956791958456, guid: 3e58d00cb83db8c498da113afc2bba1a,
    type: 3}
  m_PrefabInstance: {fileID: 502127797142205361}
  m_PrefabAsset: {fileID: 0}
--- !u!65 &800915045
BoxCollider:
  m_ObjectHideFlags: 0
  m_CorrespondingSourceObject: {fileID: 0}
  m_PrefabInstance: {fileID: 0}
  m_PrefabAsset: {fileID: 0}
  m_GameObject: {fileID: 800915043}
  m_Material: {fileID: 0}
  m_IsTrigger: 0
  m_Enabled: 1
  serializedVersion: 2
  m_Size: {x: 4.004247, y: 8.320781, z: 4.0056076}
  m_Center: {x: 0, y: 4.175634, z: -0}
--- !u!1001 &873139068
PrefabInstance:
  m_ObjectHideFlags: 0
  serializedVersion: 2
  m_Modification:
    m_TransformParent: {fileID: 0}
    m_Modifications:
    - target: {fileID: -4216859302048453862, guid: 4c7287c5a49c1f84eb82b82a9bf81051,
        type: 3}
      propertyPath: m_LocalPosition.x
      value: -117
      objectReference: {fileID: 0}
    - target: {fileID: -4216859302048453862, guid: 4c7287c5a49c1f84eb82b82a9bf81051,
        type: 3}
      propertyPath: m_LocalPosition.y
      value: 1
      objectReference: {fileID: 0}
    - target: {fileID: -4216859302048453862, guid: 4c7287c5a49c1f84eb82b82a9bf81051,
        type: 3}
      propertyPath: m_LocalPosition.z
      value: 0
      objectReference: {fileID: 0}
    - target: {fileID: -4216859302048453862, guid: 4c7287c5a49c1f84eb82b82a9bf81051,
        type: 3}
      propertyPath: m_LocalRotation.x
      value: -0.5
      objectReference: {fileID: 0}
    - target: {fileID: -4216859302048453862, guid: 4c7287c5a49c1f84eb82b82a9bf81051,
        type: 3}
      propertyPath: m_LocalRotation.y
      value: 0.5
      objectReference: {fileID: 0}
    - target: {fileID: -4216859302048453862, guid: 4c7287c5a49c1f84eb82b82a9bf81051,
        type: 3}
      propertyPath: m_LocalRotation.z
      value: 0.5
      objectReference: {fileID: 0}
    - target: {fileID: -4216859302048453862, guid: 4c7287c5a49c1f84eb82b82a9bf81051,
        type: 3}
      propertyPath: m_LocalRotation.w
      value: 0.5
      objectReference: {fileID: 0}
    - target: {fileID: -4216859302048453862, guid: 4c7287c5a49c1f84eb82b82a9bf81051,
        type: 3}
      propertyPath: m_RootOrder
      value: 6
      objectReference: {fileID: 0}
    - target: {fileID: -4216859302048453862, guid: 4c7287c5a49c1f84eb82b82a9bf81051,
        type: 3}
      propertyPath: m_LocalEulerAnglesHint.x
      value: -90
      objectReference: {fileID: 0}
    - target: {fileID: -4216859302048453862, guid: 4c7287c5a49c1f84eb82b82a9bf81051,
        type: 3}
      propertyPath: m_LocalEulerAnglesHint.y
      value: 90
      objectReference: {fileID: 0}
    - target: {fileID: -4216859302048453862, guid: 4c7287c5a49c1f84eb82b82a9bf81051,
        type: 3}
      propertyPath: m_LocalEulerAnglesHint.z
      value: 0
      objectReference: {fileID: 0}
    - target: {fileID: -4216859302048453862, guid: 4c7287c5a49c1f84eb82b82a9bf81051,
        type: 3}
      propertyPath: m_LocalScale.x
      value: 2
      objectReference: {fileID: 0}
    - target: {fileID: -4216859302048453862, guid: 4c7287c5a49c1f84eb82b82a9bf81051,
        type: 3}
      propertyPath: m_LocalScale.y
      value: 2
      objectReference: {fileID: 0}
    - target: {fileID: -4216859302048453862, guid: 4c7287c5a49c1f84eb82b82a9bf81051,
        type: 3}
      propertyPath: m_LocalScale.z
      value: 2
      objectReference: {fileID: 0}
    - target: {fileID: -927199367670048503, guid: 4c7287c5a49c1f84eb82b82a9bf81051,
        type: 3}
      propertyPath: m_Name
      value: Log(Half)
      objectReference: {fileID: 0}
    m_RemovedComponents: []
  m_SourcePrefab: {fileID: 100100000, guid: 4c7287c5a49c1f84eb82b82a9bf81051, type: 3}
--- !u!1 &873139069 stripped
GameObject:
  m_CorrespondingSourceObject: {fileID: -927199367670048503, guid: 4c7287c5a49c1f84eb82b82a9bf81051,
    type: 3}
  m_PrefabInstance: {fileID: 873139068}
  m_PrefabAsset: {fileID: 0}
--- !u!64 &873139070
MeshCollider:
  m_ObjectHideFlags: 0
  m_CorrespondingSourceObject: {fileID: 0}
  m_PrefabInstance: {fileID: 0}
  m_PrefabAsset: {fileID: 0}
  m_GameObject: {fileID: 873139069}
  m_Material: {fileID: 0}
  m_IsTrigger: 0
  m_Enabled: 1
  serializedVersion: 3
  m_Convex: 0
  m_CookingOptions: 30
  m_Mesh: {fileID: 2534964839176971238, guid: 4c7287c5a49c1f84eb82b82a9bf81051, type: 3}
--- !u!1 &963194225
GameObject:
  m_ObjectHideFlags: 0
  m_CorrespondingSourceObject: {fileID: 0}
  m_PrefabInstance: {fileID: 0}
  m_PrefabAsset: {fileID: 0}
  serializedVersion: 6
  m_Component:
  - component: {fileID: 963194228}
  - component: {fileID: 963194227}
  - component: {fileID: 963194226}
  m_Layer: 0
  m_Name: Main Camera
  m_TagString: MainCamera
  m_Icon: {fileID: 0}
  m_NavMeshLayer: 0
  m_StaticEditorFlags: 0
  m_IsActive: 1
--- !u!81 &963194226
AudioListener:
  m_ObjectHideFlags: 0
  m_CorrespondingSourceObject: {fileID: 0}
  m_PrefabInstance: {fileID: 0}
  m_PrefabAsset: {fileID: 0}
  m_GameObject: {fileID: 963194225}
  m_Enabled: 1
--- !u!20 &963194227
Camera:
  m_ObjectHideFlags: 0
  m_CorrespondingSourceObject: {fileID: 0}
  m_PrefabInstance: {fileID: 0}
  m_PrefabAsset: {fileID: 0}
  m_GameObject: {fileID: 963194225}
  m_Enabled: 1
  serializedVersion: 2
  m_ClearFlags: 1
  m_BackGroundColor: {r: 0.19215687, g: 0.3019608, b: 0.4745098, a: 0}
  m_projectionMatrixMode: 1
  m_GateFitMode: 2
  m_FOVAxisMode: 0
  m_SensorSize: {x: 36, y: 24}
  m_LensShift: {x: 0, y: 0}
  m_FocalLength: 50
  m_NormalizedViewPortRect:
    serializedVersion: 2
    x: 0
    y: 0
    width: 1
    height: 1
  near clip plane: 0.3
  far clip plane: 500
  field of view: 60
  orthographic: 0
  orthographic size: 5
  m_Depth: -1
  m_CullingMask:
    serializedVersion: 2
    m_Bits: 4294967295
  m_RenderingPath: -1
  m_TargetTexture: {fileID: 0}
  m_TargetDisplay: 0
  m_TargetEye: 3
  m_HDR: 1
  m_AllowMSAA: 1
  m_AllowDynamicResolution: 0
  m_ForceIntoRT: 0
  m_OcclusionCulling: 1
  m_StereoConvergence: 10
  m_StereoSeparation: 0.022
--- !u!4 &963194228
Transform:
  m_ObjectHideFlags: 0
  m_CorrespondingSourceObject: {fileID: 0}
  m_PrefabInstance: {fileID: 0}
  m_PrefabAsset: {fileID: 0}
  m_GameObject: {fileID: 963194225}
  m_LocalRotation: {x: 0.17465465, y: -0.68519765, z: 0.17465465, w: 0.68519765}
  m_LocalPosition: {x: 15, y: 16.2, z: 0}
  m_LocalScale: {x: 1, y: 1, z: 1}
  m_Children: []
  m_Father: {fileID: 0}
  m_RootOrder: 0
  m_LocalEulerAnglesHint: {x: 28.6, y: -90, z: 0}
--- !u!1001 &1077198524
PrefabInstance:
  m_ObjectHideFlags: 0
  serializedVersion: 2
  m_Modification:
    m_TransformParent: {fileID: 0}
    m_Modifications:
    - target: {fileID: -4216859302048453862, guid: c4850f930f54367458573301c150689b,
        type: 3}
      propertyPath: m_LocalPosition.x
      value: -108.1
      objectReference: {fileID: 0}
    - target: {fileID: -4216859302048453862, guid: c4850f930f54367458573301c150689b,
        type: 3}
      propertyPath: m_LocalPosition.y
      value: -1
      objectReference: {fileID: 0}
    - target: {fileID: -4216859302048453862, guid: c4850f930f54367458573301c150689b,
        type: 3}
      propertyPath: m_LocalPosition.z
      value: 0
      objectReference: {fileID: 0}
    - target: {fileID: -4216859302048453862, guid: c4850f930f54367458573301c150689b,
        type: 3}
      propertyPath: m_LocalRotation.x
      value: 0
      objectReference: {fileID: 0}
    - target: {fileID: -4216859302048453862, guid: c4850f930f54367458573301c150689b,
        type: 3}
      propertyPath: m_LocalRotation.y
      value: 0.7071068
      objectReference: {fileID: 0}
    - target: {fileID: -4216859302048453862, guid: c4850f930f54367458573301c150689b,
        type: 3}
      propertyPath: m_LocalRotation.z
      value: 0
      objectReference: {fileID: 0}
    - target: {fileID: -4216859302048453862, guid: c4850f930f54367458573301c150689b,
        type: 3}
      propertyPath: m_LocalRotation.w
      value: 0.7071068
      objectReference: {fileID: 0}
    - target: {fileID: -4216859302048453862, guid: c4850f930f54367458573301c150689b,
        type: 3}
      propertyPath: m_RootOrder
      value: 1
      objectReference: {fileID: 0}
    - target: {fileID: -4216859302048453862, guid: c4850f930f54367458573301c150689b,
        type: 3}
      propertyPath: m_LocalEulerAnglesHint.x
      value: 0
      objectReference: {fileID: 0}
    - target: {fileID: -4216859302048453862, guid: c4850f930f54367458573301c150689b,
        type: 3}
      propertyPath: m_LocalEulerAnglesHint.y
      value: 90
      objectReference: {fileID: 0}
    - target: {fileID: -4216859302048453862, guid: c4850f930f54367458573301c150689b,
        type: 3}
      propertyPath: m_LocalEulerAnglesHint.z
      value: 0
      objectReference: {fileID: 0}
    - target: {fileID: -4216859302048453862, guid: c4850f930f54367458573301c150689b,
        type: 3}
      propertyPath: m_LocalScale.x
      value: 1.5
      objectReference: {fileID: 0}
    - target: {fileID: -4216859302048453862, guid: c4850f930f54367458573301c150689b,
        type: 3}
      propertyPath: m_LocalScale.y
      value: 1.5
      objectReference: {fileID: 0}
    - target: {fileID: -4216859302048453862, guid: c4850f930f54367458573301c150689b,
        type: 3}
      propertyPath: m_LocalScale.z
      value: 1.5
      objectReference: {fileID: 0}
    - target: {fileID: -927199367670048503, guid: c4850f930f54367458573301c150689b,
        type: 3}
      propertyPath: m_Name
      value: crocs
      objectReference: {fileID: 0}
    m_RemovedComponents: []
  m_SourcePrefab: {fileID: 100100000, guid: c4850f930f54367458573301c150689b, type: 3}
--- !u!1 &1077198525 stripped
GameObject:
  m_CorrespondingSourceObject: {fileID: -927199367670048503, guid: c4850f930f54367458573301c150689b,
    type: 3}
  m_PrefabInstance: {fileID: 1077198524}
  m_PrefabAsset: {fileID: 0}
--- !u!64 &1077198526
MeshCollider:
  m_ObjectHideFlags: 0
  m_CorrespondingSourceObject: {fileID: 0}
  m_PrefabInstance: {fileID: 0}
  m_PrefabAsset: {fileID: 0}
  m_GameObject: {fileID: 1077198525}
  m_Material: {fileID: 0}
  m_IsTrigger: 0
  m_Enabled: 1
  serializedVersion: 3
  m_Convex: 0
  m_CookingOptions: 30
  m_Mesh: {fileID: -5495902117074765545, guid: c4850f930f54367458573301c150689b, type: 3}
--- !u!1001 &1350823012
PrefabInstance:
  m_ObjectHideFlags: 0
  serializedVersion: 2
  m_Modification:
    m_TransformParent: {fileID: 0}
    m_Modifications:
    - target: {fileID: -4216859302048453862, guid: 07a0ebcc84e431c4098188f1a960fb8f,
        type: 3}
      propertyPath: m_LocalPosition.x
      value: -5
      objectReference: {fileID: 0}
    - target: {fileID: -4216859302048453862, guid: 07a0ebcc84e431c4098188f1a960fb8f,
        type: 3}
      propertyPath: m_LocalPosition.y
      value: 3
      objectReference: {fileID: 0}
    - target: {fileID: -4216859302048453862, guid: 07a0ebcc84e431c4098188f1a960fb8f,
        type: 3}
      propertyPath: m_LocalPosition.z
      value: 0
      objectReference: {fileID: 0}
    - target: {fileID: -4216859302048453862, guid: 07a0ebcc84e431c4098188f1a960fb8f,
        type: 3}
      propertyPath: m_LocalRotation.x
      value: 0
      objectReference: {fileID: 0}
    - target: {fileID: -4216859302048453862, guid: 07a0ebcc84e431c4098188f1a960fb8f,
        type: 3}
      propertyPath: m_LocalRotation.y
      value: 0.7071068
      objectReference: {fileID: 0}
    - target: {fileID: -4216859302048453862, guid: 07a0ebcc84e431c4098188f1a960fb8f,
        type: 3}
      propertyPath: m_LocalRotation.z
      value: 0
      objectReference: {fileID: 0}
    - target: {fileID: -4216859302048453862, guid: 07a0ebcc84e431c4098188f1a960fb8f,
        type: 3}
      propertyPath: m_LocalRotation.w
      value: 0.7071068
      objectReference: {fileID: 0}
    - target: {fileID: -4216859302048453862, guid: 07a0ebcc84e431c4098188f1a960fb8f,
        type: 3}
      propertyPath: m_RootOrder
      value: 4
      objectReference: {fileID: 0}
    - target: {fileID: -4216859302048453862, guid: 07a0ebcc84e431c4098188f1a960fb8f,
        type: 3}
      propertyPath: m_LocalEulerAnglesHint.x
      value: 0
      objectReference: {fileID: 0}
    - target: {fileID: -4216859302048453862, guid: 07a0ebcc84e431c4098188f1a960fb8f,
        type: 3}
      propertyPath: m_LocalEulerAnglesHint.y
      value: 90
      objectReference: {fileID: 0}
    - target: {fileID: -4216859302048453862, guid: 07a0ebcc84e431c4098188f1a960fb8f,
        type: 3}
      propertyPath: m_LocalEulerAnglesHint.z
      value: 0
      objectReference: {fileID: 0}
    - target: {fileID: -1504981713932161579, guid: 07a0ebcc84e431c4098188f1a960fb8f,
        type: 3}
      propertyPath: m_Materials.Array.data[0]
      value: 
      objectReference: {fileID: 2100000, guid: a7607d67849b17140a6b528f099596bc, type: 2}
    - target: {fileID: -927199367670048503, guid: 07a0ebcc84e431c4098188f1a960fb8f,
        type: 3}
      propertyPath: m_Name
      value: coin
      objectReference: {fileID: 0}
    m_RemovedComponents: []
  m_SourcePrefab: {fileID: 100100000, guid: 07a0ebcc84e431c4098188f1a960fb8f, type: 3}
--- !u!1 &1350823013 stripped
GameObject:
  m_CorrespondingSourceObject: {fileID: -927199367670048503, guid: 07a0ebcc84e431c4098188f1a960fb8f,
    type: 3}
  m_PrefabInstance: {fileID: 1350823012}
  m_PrefabAsset: {fileID: 0}
--- !u!64 &1350823014
MeshCollider:
  m_ObjectHideFlags: 0
  m_CorrespondingSourceObject: {fileID: 0}
  m_PrefabInstance: {fileID: 0}
  m_PrefabAsset: {fileID: 0}
  m_GameObject: {fileID: 1350823013}
  m_Material: {fileID: 0}
  m_IsTrigger: 0
  m_Enabled: 1
  serializedVersion: 3
  m_Convex: 0
  m_CookingOptions: 30
  m_Mesh: {fileID: -2124705421725058983, guid: 07a0ebcc84e431c4098188f1a960fb8f, type: 3}
--- !u!95 &1350823015
Animator:
  serializedVersion: 3
  m_ObjectHideFlags: 0
  m_CorrespondingSourceObject: {fileID: 0}
  m_PrefabInstance: {fileID: 0}
  m_PrefabAsset: {fileID: 0}
  m_GameObject: {fileID: 1350823013}
  m_Enabled: 1
  m_Avatar: {fileID: 0}
  m_Controller: {fileID: 9100000, guid: aa2f82c070838584192b3ad6d831f3ee, type: 2}
  m_CullingMode: 0
  m_UpdateMode: 0
  m_ApplyRootMotion: 0
  m_LinearVelocityBlending: 0
  m_WarningMessage: 
  m_HasTransformHierarchy: 1
  m_AllowConstantClipSamplingOptimization: 1
  m_KeepAnimatorControllerStateOnDisable: 0
--- !u!111 &1350823016
Animation:
  m_ObjectHideFlags: 0
  m_CorrespondingSourceObject: {fileID: 0}
  m_PrefabInstance: {fileID: 0}
  m_PrefabAsset: {fileID: 0}
  m_GameObject: {fileID: 1350823013}
  m_Enabled: 1
  serializedVersion: 3
  m_Animation: {fileID: 0}
  m_Animations: []
  m_WrapMode: 0
  m_PlayAutomatically: 1
  m_AnimatePhysics: 0
  m_CullingType: 0
--- !u!1001 &1767540048
PrefabInstance:
  m_ObjectHideFlags: 0
  serializedVersion: 2
  m_Modification:
    m_TransformParent: {fileID: 0}
    m_Modifications:
    - target: {fileID: -4216859302048453862, guid: 7c6e75790754fbb45b70e887fb72d2bf,
        type: 3}
      propertyPath: m_LocalPosition.x
      value: -115.12724
      objectReference: {fileID: 0}
    - target: {fileID: -4216859302048453862, guid: 7c6e75790754fbb45b70e887fb72d2bf,
        type: 3}
      propertyPath: m_LocalPosition.y
      value: 0.3908727
      objectReference: {fileID: 0}
    - target: {fileID: -4216859302048453862, guid: 7c6e75790754fbb45b70e887fb72d2bf,
        type: 3}
      propertyPath: m_LocalPosition.z
      value: 16.346567
      objectReference: {fileID: 0}
    - target: {fileID: -4216859302048453862, guid: 7c6e75790754fbb45b70e887fb72d2bf,
        type: 3}
      propertyPath: m_LocalRotation.x
      value: -0.5
      objectReference: {fileID: 0}
    - target: {fileID: -4216859302048453862, guid: 7c6e75790754fbb45b70e887fb72d2bf,
        type: 3}
      propertyPath: m_LocalRotation.y
      value: 0.5
      objectReference: {fileID: 0}
    - target: {fileID: -4216859302048453862, guid: 7c6e75790754fbb45b70e887fb72d2bf,
        type: 3}
      propertyPath: m_LocalRotation.z
      value: 0.5
      objectReference: {fileID: 0}
    - target: {fileID: -4216859302048453862, guid: 7c6e75790754fbb45b70e887fb72d2bf,
        type: 3}
      propertyPath: m_LocalRotation.w
      value: 0.5
      objectReference: {fileID: 0}
    - target: {fileID: -4216859302048453862, guid: 7c6e75790754fbb45b70e887fb72d2bf,
        type: 3}
      propertyPath: m_RootOrder
      value: 3
      objectReference: {fileID: 0}
    - target: {fileID: -4216859302048453862, guid: 7c6e75790754fbb45b70e887fb72d2bf,
        type: 3}
      propertyPath: m_LocalEulerAnglesHint.x
      value: -90
      objectReference: {fileID: 0}
    - target: {fileID: -4216859302048453862, guid: 7c6e75790754fbb45b70e887fb72d2bf,
        type: 3}
      propertyPath: m_LocalEulerAnglesHint.y
      value: 90
      objectReference: {fileID: 0}
    - target: {fileID: -4216859302048453862, guid: 7c6e75790754fbb45b70e887fb72d2bf,
        type: 3}
      propertyPath: m_LocalEulerAnglesHint.z
      value: 0
      objectReference: {fileID: 0}
    - target: {fileID: -4216859302048453862, guid: 7c6e75790754fbb45b70e887fb72d2bf,
        type: 3}
      propertyPath: m_LocalScale.x
      value: 2
      objectReference: {fileID: 0}
    - target: {fileID: -4216859302048453862, guid: 7c6e75790754fbb45b70e887fb72d2bf,
        type: 3}
      propertyPath: m_LocalScale.y
      value: 2
      objectReference: {fileID: 0}
    - target: {fileID: -4216859302048453862, guid: 7c6e75790754fbb45b70e887fb72d2bf,
        type: 3}
      propertyPath: m_LocalScale.z
      value: 2
      objectReference: {fileID: 0}
    - target: {fileID: -1504981713932161579, guid: 7c6e75790754fbb45b70e887fb72d2bf,
        type: 3}
      propertyPath: m_Materials.Array.data[0]
      value: 
      objectReference: {fileID: 2100000, guid: 1229e837cfe3941459541b8e71db515e, type: 2}
    - target: {fileID: -927199367670048503, guid: 7c6e75790754fbb45b70e887fb72d2bf,
        type: 3}
      propertyPath: m_Name
      value: lotus
      objectReference: {fileID: 0}
    m_RemovedComponents: []
  m_SourcePrefab: {fileID: 100100000, guid: 7c6e75790754fbb45b70e887fb72d2bf, type: 3}
--- !u!1 &1767540049 stripped
GameObject:
  m_CorrespondingSourceObject: {fileID: -927199367670048503, guid: 7c6e75790754fbb45b70e887fb72d2bf,
    type: 3}
  m_PrefabInstance: {fileID: 1767540048}
  m_PrefabAsset: {fileID: 0}
--- !u!65 &1767540050
BoxCollider:
  m_ObjectHideFlags: 0
  m_CorrespondingSourceObject: {fileID: 0}
  m_PrefabInstance: {fileID: 0}
  m_PrefabAsset: {fileID: 0}
  m_GameObject: {fileID: 1767540049}
  m_Material: {fileID: 0}
  m_IsTrigger: 0
  m_Enabled: 1
  serializedVersion: 2
  m_Size: {x: 4.01289, y: 2.9540215, z: 0.14007801}
  m_Center: {x: 0.9942341, y: 0.0028326511, z: 0.017788678}
--- !u!1001 &502127797142205361
PrefabInstance:
  m_ObjectHideFlags: 0
  serializedVersion: 2
  m_Modification:
    m_TransformParent: {fileID: 0}
    m_Modifications:
    - target: {fileID: 497483253864655931, guid: 3e58d00cb83db8c498da113afc2bba1a,
        type: 3}
      propertyPath: m_LocalRotation.y
      value: 0
      objectReference: {fileID: 0}
    - target: {fileID: 497483253864655931, guid: 3e58d00cb83db8c498da113afc2bba1a,
        type: 3}
      propertyPath: m_LocalRotation.w
      value: 1
      objectReference: {fileID: 0}
    - target: {fileID: 497483253864655931, guid: 3e58d00cb83db8c498da113afc2bba1a,
        type: 3}
      propertyPath: m_LocalEulerAnglesHint.y
      value: 0
      objectReference: {fileID: 0}
    - target: {fileID: 502127798043925532, guid: 3e58d00cb83db8c498da113afc2bba1a,
        type: 3}
      propertyPath: m_Center.x
      value: -2.0329988
      objectReference: {fileID: 0}
    - target: {fileID: 502127798043925532, guid: 3e58d00cb83db8c498da113afc2bba1a,
        type: 3}
      propertyPath: m_Center.z
      value: -1.8389966
      objectReference: {fileID: 0}
    - target: {fileID: 502127798043925532, guid: 3e58d00cb83db8c498da113afc2bba1a,
        type: 3}
      propertyPath: m_Size.x
      value: 7.9964676
      objectReference: {fileID: 0}
    - target: {fileID: 502127798043925532, guid: 3e58d00cb83db8c498da113afc2bba1a,
        type: 3}
      propertyPath: m_Size.z
      value: 4.0323563
      objectReference: {fileID: 0}
    - target: {fileID: 502127798286829622, guid: 3e58d00cb83db8c498da113afc2bba1a,
        type: 3}
      propertyPath: m_LocalPosition.x
      value: 0
      objectReference: {fileID: 0}
    - target: {fileID: 502127798286829622, guid: 3e58d00cb83db8c498da113afc2bba1a,
        type: 3}
      propertyPath: m_LocalPosition.y
      value: 0
      objectReference: {fileID: 0}
    - target: {fileID: 502127798286829622, guid: 3e58d00cb83db8c498da113afc2bba1a,
        type: 3}
      propertyPath: m_LocalPosition.z
      value: 0
      objectReference: {fileID: 0}
    - target: {fileID: 502127798286829622, guid: 3e58d00cb83db8c498da113afc2bba1a,
        type: 3}
      propertyPath: m_LocalRotation.x
      value: 0
      objectReference: {fileID: 0}
    - target: {fileID: 502127798286829622, guid: 3e58d00cb83db8c498da113afc2bba1a,
        type: 3}
      propertyPath: m_LocalRotation.y
      value: 0
      objectReference: {fileID: 0}
    - target: {fileID: 502127798286829622, guid: 3e58d00cb83db8c498da113afc2bba1a,
        type: 3}
      propertyPath: m_LocalRotation.z
      value: 0
      objectReference: {fileID: 0}
    - target: {fileID: 502127798286829622, guid: 3e58d00cb83db8c498da113afc2bba1a,
        type: 3}
      propertyPath: m_LocalRotation.w
      value: 1
      objectReference: {fileID: 0}
    - target: {fileID: 502127798286829622, guid: 3e58d00cb83db8c498da113afc2bba1a,
        type: 3}
      propertyPath: m_RootOrder
      value: 10
      objectReference: {fileID: 0}
    - target: {fileID: 502127798286829622, guid: 3e58d00cb83db8c498da113afc2bba1a,
        type: 3}
      propertyPath: m_LocalEulerAnglesHint.x
      value: 0
      objectReference: {fileID: 0}
    - target: {fileID: 502127798286829622, guid: 3e58d00cb83db8c498da113afc2bba1a,
        type: 3}
      propertyPath: m_LocalEulerAnglesHint.y
      value: 0
      objectReference: {fileID: 0}
    - target: {fileID: 502127798286829622, guid: 3e58d00cb83db8c498da113afc2bba1a,
        type: 3}
      propertyPath: m_LocalEulerAnglesHint.z
      value: 0
      objectReference: {fileID: 0}
    - target: {fileID: 502127798286829623, guid: 3e58d00cb83db8c498da113afc2bba1a,
        type: 3}
      propertyPath: m_Name
      value: Map
      objectReference: {fileID: 0}
    - target: {fileID: 502545096014764985, guid: 3e58d00cb83db8c498da113afc2bba1a,
        type: 3}
      propertyPath: m_LocalRotation.x
      value: 0
      objectReference: {fileID: 0}
    - target: {fileID: 502545096014764985, guid: 3e58d00cb83db8c498da113afc2bba1a,
        type: 3}
      propertyPath: m_LocalRotation.y
      value: 0.7071068
      objectReference: {fileID: 0}
    - target: {fileID: 502545096014764985, guid: 3e58d00cb83db8c498da113afc2bba1a,
        type: 3}
      propertyPath: m_LocalRotation.z
      value: 0
      objectReference: {fileID: 0}
    - target: {fileID: 502545096014764985, guid: 3e58d00cb83db8c498da113afc2bba1a,
        type: 3}
      propertyPath: m_LocalRotation.w
      value: 0.7071068
      objectReference: {fileID: 0}
    - target: {fileID: 502545096014764985, guid: 3e58d00cb83db8c498da113afc2bba1a,
        type: 3}
      propertyPath: m_LocalEulerAnglesHint.y
      value: 90
      objectReference: {fileID: 0}
    - target: {fileID: 502545096014764985, guid: 3e58d00cb83db8c498da113afc2bba1a,
        type: 3}
      propertyPath: m_LocalPosition.x
      value: -50.61
      objectReference: {fileID: 0}
    - target: {fileID: 502545096014764985, guid: 3e58d00cb83db8c498da113afc2bba1a,
        type: 3}
      propertyPath: m_LocalPosition.z
      value: 59.81
      objectReference: {fileID: 0}
    m_RemovedComponents: []
  m_SourcePrefab: {fileID: 100100000, guid: 3e58d00cb83db8c498da113afc2bba1a, type: 3}
--- !u!1001 &2688476664942507213
PrefabInstance:
  m_ObjectHideFlags: 0
  serializedVersion: 2
  m_Modification:
    m_TransformParent: {fileID: 0}
    m_Modifications:
    - target: {fileID: 2545023590668501252, guid: 983c6d3e899dff44184665347f8f1013,
        type: 3}
      propertyPath: m_LocalPosition.x
      value: -44
      objectReference: {fileID: 0}
    - target: {fileID: 2545023590668501252, guid: 983c6d3e899dff44184665347f8f1013,
        type: 3}
      propertyPath: m_LocalPosition.y
      value: 0.77
      objectReference: {fileID: 0}
    - target: {fileID: 2545023590668501252, guid: 983c6d3e899dff44184665347f8f1013,
        type: 3}
      propertyPath: m_LocalPosition.z
      value: -18.98
      objectReference: {fileID: 0}
    - target: {fileID: 2545023590668501252, guid: 983c6d3e899dff44184665347f8f1013,
        type: 3}
      propertyPath: m_LocalRotation.x
      value: -0
      objectReference: {fileID: 0}
    - target: {fileID: 2545023590668501252, guid: 983c6d3e899dff44184665347f8f1013,
        type: 3}
      propertyPath: m_LocalRotation.y
      value: -0
      objectReference: {fileID: 0}
    - target: {fileID: 2545023590668501252, guid: 983c6d3e899dff44184665347f8f1013,
        type: 3}
      propertyPath: m_LocalRotation.z
      value: -0
      objectReference: {fileID: 0}
    - target: {fileID: 2545023590668501252, guid: 983c6d3e899dff44184665347f8f1013,
        type: 3}
      propertyPath: m_LocalRotation.w
      value: 1
      objectReference: {fileID: 0}
    - target: {fileID: 2545023590668501252, guid: 983c6d3e899dff44184665347f8f1013,
        type: 3}
      propertyPath: m_RootOrder
      value: 13
      objectReference: {fileID: 0}
    - target: {fileID: 2545023590668501252, guid: 983c6d3e899dff44184665347f8f1013,
        type: 3}
      propertyPath: m_LocalEulerAnglesHint.x
      value: 0
      objectReference: {fileID: 0}
    - target: {fileID: 2545023590668501252, guid: 983c6d3e899dff44184665347f8f1013,
        type: 3}
      propertyPath: m_LocalEulerAnglesHint.y
      value: 0
      objectReference: {fileID: 0}
    - target: {fileID: 2545023590668501252, guid: 983c6d3e899dff44184665347f8f1013,
        type: 3}
      propertyPath: m_LocalEulerAnglesHint.z
      value: 0
      objectReference: {fileID: 0}
    - target: {fileID: 6583478582148632514, guid: 983c6d3e899dff44184665347f8f1013,
        type: 3}
      propertyPath: m_Name
      value: BikeMan
      objectReference: {fileID: 0}
    m_RemovedComponents: []
  m_SourcePrefab: {fileID: 100100000, guid: 983c6d3e899dff44184665347f8f1013, type: 3}
--- !u!1001 &5596595465740823232
PrefabInstance:
  m_ObjectHideFlags: 0
  serializedVersion: 2
  m_Modification:
    m_TransformParent: {fileID: 0}
    m_Modifications:
    - target: {fileID: 635479385256499788, guid: eb7fbe7289309e347b7cfa1fb3be84a5,
        type: 3}
      propertyPath: m_LocalPosition.x
      value: -0.000000059604645
      objectReference: {fileID: 0}
    - target: {fileID: 635479385256499788, guid: eb7fbe7289309e347b7cfa1fb3be84a5,
        type: 3}
      propertyPath: m_LocalPosition.y
      value: 1.37
      objectReference: {fileID: 0}
    - target: {fileID: 635479385256499788, guid: eb7fbe7289309e347b7cfa1fb3be84a5,
        type: 3}
      propertyPath: m_LocalPosition.z
      value: 0
      objectReference: {fileID: 0}
    - target: {fileID: 635479385256499788, guid: eb7fbe7289309e347b7cfa1fb3be84a5,
        type: 3}
      propertyPath: m_LocalRotation.x
      value: 0
      objectReference: {fileID: 0}
    - target: {fileID: 635479385256499788, guid: eb7fbe7289309e347b7cfa1fb3be84a5,
        type: 3}
      propertyPath: m_LocalRotation.y
      value: 0
      objectReference: {fileID: 0}
    - target: {fileID: 635479385256499788, guid: eb7fbe7289309e347b7cfa1fb3be84a5,
        type: 3}
      propertyPath: m_LocalRotation.z
      value: 0
      objectReference: {fileID: 0}
    - target: {fileID: 635479385256499788, guid: eb7fbe7289309e347b7cfa1fb3be84a5,
        type: 3}
      propertyPath: m_LocalRotation.w
      value: 1
      objectReference: {fileID: 0}
    - target: {fileID: 635479385256499788, guid: eb7fbe7289309e347b7cfa1fb3be84a5,
        type: 3}
      propertyPath: m_RootOrder
      value: 9
      objectReference: {fileID: 0}
    - target: {fileID: 635479385256499788, guid: eb7fbe7289309e347b7cfa1fb3be84a5,
        type: 3}
      propertyPath: m_LocalEulerAnglesHint.x
      value: 0
      objectReference: {fileID: 0}
    - target: {fileID: 635479385256499788, guid: eb7fbe7289309e347b7cfa1fb3be84a5,
        type: 3}
      propertyPath: m_LocalEulerAnglesHint.y
      value: 0
      objectReference: {fileID: 0}
    - target: {fileID: 635479385256499788, guid: eb7fbe7289309e347b7cfa1fb3be84a5,
        type: 3}
      propertyPath: m_LocalEulerAnglesHint.z
      value: 0
      objectReference: {fileID: 0}
    - target: {fileID: 4506683734465636447, guid: eb7fbe7289309e347b7cfa1fb3be84a5,
        type: 3}
      propertyPath: m_Name
      value: frog
      objectReference: {fileID: 0}
    m_RemovedComponents: []
  m_SourcePrefab: {fileID: 100100000, guid: eb7fbe7289309e347b7cfa1fb3be84a5, type: 3}
--- !u!1001 &5953283474179981770
PrefabInstance:
  m_ObjectHideFlags: 0
  serializedVersion: 2
  m_Modification:
    m_TransformParent: {fileID: 0}
    m_Modifications:
    - target: {fileID: 1721776977776049205, guid: f3bfb8a076aaaf84d893fe9a8ec6e199,
        type: 3}
      propertyPath: m_LocalPosition.x
      value: 0
      objectReference: {fileID: 0}
    - target: {fileID: 1721776977776049205, guid: f3bfb8a076aaaf84d893fe9a8ec6e199,
        type: 3}
      propertyPath: m_LocalPosition.y
      value: 1.37
      objectReference: {fileID: 0}
    - target: {fileID: 1721776977776049205, guid: f3bfb8a076aaaf84d893fe9a8ec6e199,
        type: 3}
      propertyPath: m_LocalPosition.z
      value: 6.12
      objectReference: {fileID: 0}
    - target: {fileID: 1721776977776049205, guid: f3bfb8a076aaaf84d893fe9a8ec6e199,
        type: 3}
      propertyPath: m_LocalRotation.x
      value: 0
      objectReference: {fileID: 0}
    - target: {fileID: 1721776977776049205, guid: f3bfb8a076aaaf84d893fe9a8ec6e199,
        type: 3}
      propertyPath: m_LocalRotation.y
      value: 0
      objectReference: {fileID: 0}
    - target: {fileID: 1721776977776049205, guid: f3bfb8a076aaaf84d893fe9a8ec6e199,
        type: 3}
      propertyPath: m_LocalRotation.z
      value: 0
      objectReference: {fileID: 0}
    - target: {fileID: 1721776977776049205, guid: f3bfb8a076aaaf84d893fe9a8ec6e199,
        type: 3}
      propertyPath: m_LocalRotation.w
      value: 1
      objectReference: {fileID: 0}
    - target: {fileID: 1721776977776049205, guid: f3bfb8a076aaaf84d893fe9a8ec6e199,
        type: 3}
      propertyPath: m_RootOrder
      value: 11
      objectReference: {fileID: 0}
    - target: {fileID: 1721776977776049205, guid: f3bfb8a076aaaf84d893fe9a8ec6e199,
        type: 3}
      propertyPath: m_LocalEulerAnglesHint.x
      value: 0
      objectReference: {fileID: 0}
    - target: {fileID: 1721776977776049205, guid: f3bfb8a076aaaf84d893fe9a8ec6e199,
        type: 3}
      propertyPath: m_LocalEulerAnglesHint.y
      value: 0
      objectReference: {fileID: 0}
    - target: {fileID: 1721776977776049205, guid: f3bfb8a076aaaf84d893fe9a8ec6e199,
        type: 3}
      propertyPath: m_LocalEulerAnglesHint.z
      value: 0
      objectReference: {fileID: 0}
    - target: {fileID: 2431841342760914470, guid: f3bfb8a076aaaf84d893fe9a8ec6e199,
        type: 3}
      propertyPath: m_Name
      value: insect
      objectReference: {fileID: 0}
    m_RemovedComponents: []
  m_SourcePrefab: {fileID: 100100000, guid: f3bfb8a076aaaf84d893fe9a8ec6e199, type: 3}
--- !u!1001 &6773616562329090349
PrefabInstance:
  m_ObjectHideFlags: 0
  serializedVersion: 2
  m_Modification:
    m_TransformParent: {fileID: 0}
    m_Modifications:
    - target: {fileID: 6775376819599354114, guid: 4bac0746d7ca89141891be92ca12a424,
        type: 3}
      propertyPath: m_Name
      value: Police Car
      objectReference: {fileID: 0}
    - target: {fileID: 6778012609763852180, guid: 4bac0746d7ca89141891be92ca12a424,
        type: 3}
      propertyPath: m_LocalPosition.x
      value: -44
      objectReference: {fileID: 0}
    - target: {fileID: 6778012609763852180, guid: 4bac0746d7ca89141891be92ca12a424,
        type: 3}
      propertyPath: m_LocalPosition.y
      value: 0.2
      objectReference: {fileID: 0}
    - target: {fileID: 6778012609763852180, guid: 4bac0746d7ca89141891be92ca12a424,
        type: 3}
      propertyPath: m_LocalPosition.z
      value: -3
      objectReference: {fileID: 0}
    - target: {fileID: 6778012609763852180, guid: 4bac0746d7ca89141891be92ca12a424,
        type: 3}
      propertyPath: m_LocalRotation.x
      value: -0
      objectReference: {fileID: 0}
    - target: {fileID: 6778012609763852180, guid: 4bac0746d7ca89141891be92ca12a424,
        type: 3}
      propertyPath: m_LocalRotation.y
      value: -0
      objectReference: {fileID: 0}
    - target: {fileID: 6778012609763852180, guid: 4bac0746d7ca89141891be92ca12a424,
        type: 3}
      propertyPath: m_LocalRotation.z
      value: -0
      objectReference: {fileID: 0}
    - target: {fileID: 6778012609763852180, guid: 4bac0746d7ca89141891be92ca12a424,
        type: 3}
      propertyPath: m_LocalRotation.w
      value: 1
      objectReference: {fileID: 0}
    - target: {fileID: 6778012609763852180, guid: 4bac0746d7ca89141891be92ca12a424,
        type: 3}
      propertyPath: m_RootOrder
      value: 7
      objectReference: {fileID: 0}
    - target: {fileID: 6778012609763852180, guid: 4bac0746d7ca89141891be92ca12a424,
        type: 3}
      propertyPath: m_LocalEulerAnglesHint.x
      value: 0
      objectReference: {fileID: 0}
    - target: {fileID: 6778012609763852180, guid: 4bac0746d7ca89141891be92ca12a424,
        type: 3}
      propertyPath: m_LocalEulerAnglesHint.y
      value: 0
      objectReference: {fileID: 0}
    - target: {fileID: 6778012609763852180, guid: 4bac0746d7ca89141891be92ca12a424,
        type: 3}
      propertyPath: m_LocalEulerAnglesHint.z
      value: 0
      objectReference: {fileID: 0}
    m_RemovedComponents: []
  m_SourcePrefab: {fileID: 100100000, guid: 4bac0746d7ca89141891be92ca12a424, type: 3}
--- !u!1001 &8804343599085620110
PrefabInstance:
  m_ObjectHideFlags: 0
  serializedVersion: 2
  m_Modification:
    m_TransformParent: {fileID: 0}
    m_Modifications:
    - target: {fileID: 8800071575624569657, guid: 694d1b51f1d499a48b0db2f4e20be7df,
        type: 3}
      propertyPath: m_LocalPosition.x
      value: -44
      objectReference: {fileID: 0}
    - target: {fileID: 8800071575624569657, guid: 694d1b51f1d499a48b0db2f4e20be7df,
        type: 3}
      propertyPath: m_LocalPosition.y
      value: 0.2
      objectReference: {fileID: 0}
    - target: {fileID: 8800071575624569657, guid: 694d1b51f1d499a48b0db2f4e20be7df,
        type: 3}
      propertyPath: m_LocalPosition.z
      value: 43.4
      objectReference: {fileID: 0}
    - target: {fileID: 8800071575624569657, guid: 694d1b51f1d499a48b0db2f4e20be7df,
        type: 3}
      propertyPath: m_LocalRotation.x
      value: -0
      objectReference: {fileID: 0}
    - target: {fileID: 8800071575624569657, guid: 694d1b51f1d499a48b0db2f4e20be7df,
        type: 3}
      propertyPath: m_LocalRotation.y
      value: -0
      objectReference: {fileID: 0}
    - target: {fileID: 8800071575624569657, guid: 694d1b51f1d499a48b0db2f4e20be7df,
        type: 3}
      propertyPath: m_LocalRotation.z
      value: -0
      objectReference: {fileID: 0}
    - target: {fileID: 8800071575624569657, guid: 694d1b51f1d499a48b0db2f4e20be7df,
        type: 3}
      propertyPath: m_LocalRotation.w
      value: 1
      objectReference: {fileID: 0}
    - target: {fileID: 8800071575624569657, guid: 694d1b51f1d499a48b0db2f4e20be7df,
        type: 3}
      propertyPath: m_RootOrder
      value: 8
      objectReference: {fileID: 0}
    - target: {fileID: 8800071575624569657, guid: 694d1b51f1d499a48b0db2f4e20be7df,
        type: 3}
      propertyPath: m_LocalEulerAnglesHint.x
      value: 0
      objectReference: {fileID: 0}
    - target: {fileID: 8800071575624569657, guid: 694d1b51f1d499a48b0db2f4e20be7df,
        type: 3}
      propertyPath: m_LocalEulerAnglesHint.y
      value: 0
      objectReference: {fileID: 0}
    - target: {fileID: 8800071575624569657, guid: 694d1b51f1d499a48b0db2f4e20be7df,
        type: 3}
      propertyPath: m_LocalEulerAnglesHint.z
      value: 0
      objectReference: {fileID: 0}
    - target: {fileID: 8803607389725253951, guid: 694d1b51f1d499a48b0db2f4e20be7df,
        type: 3}
      propertyPath: m_Name
      value: Big Rig
      objectReference: {fileID: 0}
    m_RemovedComponents: []
  m_SourcePrefab: {fileID: 100100000, guid: 694d1b51f1d499a48b0db2f4e20be7df, type: 3}
--- !u!1001 &8814139567001428498
PrefabInstance:
  m_ObjectHideFlags: 0
  serializedVersion: 2
  m_Modification:
    m_TransformParent: {fileID: 0}
    m_Modifications:
    - target: {fileID: 681152035065075566, guid: a25b67f3556a09b40b172b3325f610ef,
        type: 3}
      propertyPath: m_Name
      value: turtle
      objectReference: {fileID: 0}
    - target: {fileID: 4551074281102009725, guid: a25b67f3556a09b40b172b3325f610ef,
        type: 3}
      propertyPath: m_LocalPosition.x
      value: -110.6
      objectReference: {fileID: 0}
    - target: {fileID: 4551074281102009725, guid: a25b67f3556a09b40b172b3325f610ef,
        type: 3}
      propertyPath: m_LocalPosition.y
      value: 0.19
      objectReference: {fileID: 0}
    - target: {fileID: 4551074281102009725, guid: a25b67f3556a09b40b172b3325f610ef,
        type: 3}
      propertyPath: m_LocalPosition.z
      value: -15.9
      objectReference: {fileID: 0}
    - target: {fileID: 4551074281102009725, guid: a25b67f3556a09b40b172b3325f610ef,
        type: 3}
      propertyPath: m_LocalRotation.x
      value: 0
      objectReference: {fileID: 0}
    - target: {fileID: 4551074281102009725, guid: a25b67f3556a09b40b172b3325f610ef,
        type: 3}
      propertyPath: m_LocalRotation.y
      value: -0.7071068
      objectReference: {fileID: 0}
    - target: {fileID: 4551074281102009725, guid: a25b67f3556a09b40b172b3325f610ef,
        type: 3}
      propertyPath: m_LocalRotation.z
      value: 0
      objectReference: {fileID: 0}
    - target: {fileID: 4551074281102009725, guid: a25b67f3556a09b40b172b3325f610ef,
        type: 3}
      propertyPath: m_LocalRotation.w
      value: 0.7071068
      objectReference: {fileID: 0}
    - target: {fileID: 4551074281102009725, guid: a25b67f3556a09b40b172b3325f610ef,
        type: 3}
      propertyPath: m_RootOrder
      value: 1
      objectReference: {fileID: 0}
    - target: {fileID: 4551074281102009725, guid: a25b67f3556a09b40b172b3325f610ef,
        type: 3}
      propertyPath: m_LocalEulerAnglesHint.x
      value: 0
      objectReference: {fileID: 0}
    - target: {fileID: 4551074281102009725, guid: a25b67f3556a09b40b172b3325f610ef,
        type: 3}
      propertyPath: m_LocalEulerAnglesHint.y
      value: -90
      objectReference: {fileID: 0}
    - target: {fileID: 4551074281102009725, guid: a25b67f3556a09b40b172b3325f610ef,
        type: 3}
      propertyPath: m_LocalEulerAnglesHint.z
      value: 0
      objectReference: {fileID: 0}
    m_RemovedComponents: []
  m_SourcePrefab: {fileID: 100100000, guid: a25b67f3556a09b40b172b3325f610ef, type: 3}
