%YAML 1.1
%TAG !u! tag:unity3d.com,2011:
--- !u!1 &6416311607277538588
GameObject:
  m_ObjectHideFlags: 0
  m_CorrespondingSourceObject: {fileID: 0}
  m_PrefabInstance: {fileID: 0}
  m_PrefabAsset: {fileID: 0}
  serializedVersion: 6
  m_Component:
  - component: {fileID: 5281195704699481365}
  - component: {fileID: 8603179156024774185}
  - component: {fileID: 1991937771568087765}
  - component: {fileID: 8164663367814079293}
  - component: {fileID: 2085544232515058540}
  m_Layer: 0
  m_Name: Truck
  m_TagString: Vehicle
  m_Icon: {fileID: 0}
  m_NavMeshLayer: 0
  m_StaticEditorFlags: 0
  m_IsActive: 1
--- !u!4 &5281195704699481365
Transform:
  m_ObjectHideFlags: 0
  m_CorrespondingSourceObject: {fileID: 0}
  m_PrefabInstance: {fileID: 0}
  m_PrefabAsset: {fileID: 0}
  m_GameObject: {fileID: 6416311607277538588}
  m_LocalRotation: {x: 0, y: 1, z: 0, w: 0}
  m_LocalPosition: {x: 0, y: 1.027, z: -21.4}
  m_LocalScale: {x: 0.6573067, y: 0.6573067, z: 3}
  m_Children:
  - {fileID: 6806954087501452179}
  m_Father: {fileID: 0}
  m_RootOrder: 0
  m_LocalEulerAnglesHint: {x: 0, y: 180, z: 0}
--- !u!33 &8603179156024774185
MeshFilter:
  m_ObjectHideFlags: 0
  m_CorrespondingSourceObject: {fileID: 0}
  m_PrefabInstance: {fileID: 0}
  m_PrefabAsset: {fileID: 0}
  m_GameObject: {fileID: 6416311607277538588}
  m_Mesh: {fileID: 10202, guid: 0000000000000000e000000000000000, type: 0}
--- !u!23 &1991937771568087765
MeshRenderer:
  m_ObjectHideFlags: 0
  m_CorrespondingSourceObject: {fileID: 0}
  m_PrefabInstance: {fileID: 0}
  m_PrefabAsset: {fileID: 0}
  m_GameObject: {fileID: 6416311607277538588}
  m_Enabled: 0
  m_CastShadows: 1
  m_ReceiveShadows: 1
  m_DynamicOccludee: 1
  m_MotionVectors: 1
  m_LightProbeUsage: 1
  m_ReflectionProbeUsage: 1
  m_RayTracingMode: 2
  m_RenderingLayerMask: 1
  m_RendererPriority: 0
  m_Materials:
  - {fileID: 2100000, guid: df2d43d0d22d518409d354cd9ad9998c, type: 2}
  m_StaticBatchInfo:
    firstSubMesh: 0
    subMeshCount: 0
  m_StaticBatchRoot: {fileID: 0}
  m_ProbeAnchor: {fileID: 0}
  m_LightProbeVolumeOverride: {fileID: 0}
  m_ScaleInLightmap: 1
  m_ReceiveGI: 1
  m_PreserveUVs: 0
  m_IgnoreNormalsForChartDetection: 0
  m_ImportantGI: 0
  m_StitchLightmapSeams: 1
  m_SelectedEditorRenderState: 3
  m_MinimumChartSize: 4
  m_AutoUVMaxDistance: 0.5
  m_AutoUVMaxAngle: 89
  m_LightmapParameters: {fileID: 0}
  m_SortingLayerID: 0
  m_SortingLayer: 0
  m_SortingOrder: 0
--- !u!65 &8164663367814079293
BoxCollider:
  m_ObjectHideFlags: 0
  m_CorrespondingSourceObject: {fileID: 0}
  m_PrefabInstance: {fileID: 0}
  m_PrefabAsset: {fileID: 0}
  m_GameObject: {fileID: 6416311607277538588}
  m_Material: {fileID: 0}
  m_IsTrigger: 1
  m_Enabled: 1
  serializedVersion: 2
  m_Size: {x: 1, y: 1, z: 1}
  m_Center: {x: 0, y: 0, z: 0}
--- !u!114 &2085544232515058540
MonoBehaviour:
  m_ObjectHideFlags: 0
  m_CorrespondingSourceObject: {fileID: 0}
  m_PrefabInstance: {fileID: 0}
  m_PrefabAsset: {fileID: 0}
  m_GameObject: {fileID: 6416311607277538588}
  m_Enabled: 1
  m_EditorHideFlags: 0
  m_Script: {fileID: 11500000, guid: ea3b9df5481584f7ca302ea3b6aa97d2, type: 3}
  m_Name: 
  m_EditorClassIdentifier: 
  speed: 7
--- !u!1001 &2618573616756261034
PrefabInstance:
  m_ObjectHideFlags: 0
  serializedVersion: 2
  m_Modification:
    m_TransformParent: {fileID: 5281195704699481365}
    m_Modifications:
    - target: {fileID: 7516461279615497031, guid: 694d1b51f1d499a48b0db2f4e20be7df,
        type: 3}
      propertyPath: m_Enabled
      value: 0
      objectReference: {fileID: 0}
    - target: {fileID: 7851339825716404515, guid: 694d1b51f1d499a48b0db2f4e20be7df,
        type: 3}
      propertyPath: m_Enabled
      value: 0
      objectReference: {fileID: 0}
    - target: {fileID: 8143568341383551557, guid: 694d1b51f1d499a48b0db2f4e20be7df,
        type: 3}
      propertyPath: m_Enabled
      value: 0
      objectReference: {fileID: 0}
    - target: {fileID: 8800071575624569657, guid: 694d1b51f1d499a48b0db2f4e20be7df,
        type: 3}
      propertyPath: m_LocalPosition.x
      value: 0
      objectReference: {fileID: 0}
    - target: {fileID: 8800071575624569657, guid: 694d1b51f1d499a48b0db2f4e20be7df,
        type: 3}
      propertyPath: m_LocalPosition.y
      value: -0.43
      objectReference: {fileID: 0}
    - target: {fileID: 8800071575624569657, guid: 694d1b51f1d499a48b0db2f4e20be7df,
        type: 3}
      propertyPath: m_LocalPosition.z
      value: 0.269
      objectReference: {fileID: 0}
    - target: {fileID: 8800071575624569657, guid: 694d1b51f1d499a48b0db2f4e20be7df,
        type: 3}
      propertyPath: m_LocalRotation.x
      value: -0
      objectReference: {fileID: 0}
    - target: {fileID: 8800071575624569657, guid: 694d1b51f1d499a48b0db2f4e20be7df,
        type: 3}
      propertyPath: m_LocalRotation.y
      value: -0
      objectReference: {fileID: 0}
    - target: {fileID: 8800071575624569657, guid: 694d1b51f1d499a48b0db2f4e20be7df,
        type: 3}
      propertyPath: m_LocalRotation.z
      value: -0
      objectReference: {fileID: 0}
    - target: {fileID: 8800071575624569657, guid: 694d1b51f1d499a48b0db2f4e20be7df,
        type: 3}
      propertyPath: m_LocalRotation.w
      value: 1
      objectReference: {fileID: 0}
    - target: {fileID: 8800071575624569657, guid: 694d1b51f1d499a48b0db2f4e20be7df,
        type: 3}
      propertyPath: m_RootOrder
      value: 0
      objectReference: {fileID: 0}
    - target: {fileID: 8800071575624569657, guid: 694d1b51f1d499a48b0db2f4e20be7df,
        type: 3}
      propertyPath: m_LocalEulerAnglesHint.x
      value: 0
      objectReference: {fileID: 0}
    - target: {fileID: 8800071575624569657, guid: 694d1b51f1d499a48b0db2f4e20be7df,
        type: 3}
      propertyPath: m_LocalEulerAnglesHint.y
      value: 0
      objectReference: {fileID: 0}
    - target: {fileID: 8800071575624569657, guid: 694d1b51f1d499a48b0db2f4e20be7df,
        type: 3}
      propertyPath: m_LocalEulerAnglesHint.z
      value: 0
      objectReference: {fileID: 0}
    - target: {fileID: 8800071575624569657, guid: 694d1b51f1d499a48b0db2f4e20be7df,
        type: 3}
      propertyPath: m_LocalScale.x
      value: 0.4
      objectReference: {fileID: 0}
    - target: {fileID: 8800071575624569657, guid: 694d1b51f1d499a48b0db2f4e20be7df,
        type: 3}
      propertyPath: m_LocalScale.y
      value: 0.4
      objectReference: {fileID: 0}
    - target: {fileID: 8800071575624569657, guid: 694d1b51f1d499a48b0db2f4e20be7df,
        type: 3}
      propertyPath: m_LocalScale.z
      value: 0.06583
      objectReference: {fileID: 0}
    - target: {fileID: 8803607389725253951, guid: 694d1b51f1d499a48b0db2f4e20be7df,
        type: 3}
      propertyPath: m_Name
      value: Truck w Collider
      objectReference: {fileID: 0}
    m_RemovedComponents:
    - {fileID: 3519856586916012066, guid: 694d1b51f1d499a48b0db2f4e20be7df, type: 3}
  m_SourcePrefab: {fileID: 100100000, guid: 694d1b51f1d499a48b0db2f4e20be7df, type: 3}
--- !u!4 &6806954087501452179 stripped
Transform:
  m_CorrespondingSourceObject: {fileID: 8800071575624569657, guid: 694d1b51f1d499a48b0db2f4e20be7df,
    type: 3}
  m_PrefabInstance: {fileID: 2618573616756261034}
  m_PrefabAsset: {fileID: 0}
